<record><leader>00000cas a2200000 a 4500</leader><controlfield tag="001">12157191</controlfield><controlfield tag="008">850614d19101911ksuwr ne      0    0eng d</controlfield><datafield ind1=" " ind2=" " tag="010"><subfield code="a">sn 85030489 </subfield></datafield><datafield ind1=" " ind2=" " tag="040"><subfield code="a">KSH</subfield><subfield code="b">eng</subfield><subfield code="c">KSH</subfield><subfield code="d">NPT</subfield><subfield code="d">OCL</subfield><subfield code="d">OCLCQ</subfield></datafield><datafield ind1=" " ind2=" " tag="042"><subfield code="a">msc</subfield></datafield><datafield ind1="0" ind2="4" tag="245"><subfield code="a">The Dwight tribune.</subfield></datafield><datafield ind1=" " ind2=" " tag="260"><subfield code="a">Dwight, Kan. :</subfield><subfield code="b">Gideon Daeschner,</subfield><subfield code="c">1910-1911.</subfield></datafield><datafield ind1=" " ind2=" " tag="300"><subfield code="a">2 v. :</subfield><subfield code="b">ill. ;</subfield><subfield code="c">49 cm.</subfield></datafield><datafield ind1=" " ind2=" " tag="310"><subfield code="a">Weekly</subfield></datafield><datafield ind1="0" ind2=" " tag="362"><subfield code="a">Vol. 6, no. 36 (Oct. 21, 1910)-v. 7, no. 9 (Apr. 28, 1911).</subfield></datafield><datafield ind1=" " ind2=" " tag="752"><subfield code="a">United States</subfield><subfield code="b">Kansas</subfield><subfield code="c">Morris</subfield><subfield code="d">Dwight.</subfield></datafield><datafield ind1="0" ind2="0" tag="780"><subfield code="t">Dwight spirit</subfield><subfield code="w">(DLC)sn 85030488</subfield></datafield><datafield ind1="0" ind2="5" tag="785"><subfield code="t">Alta Vista journal</subfield><subfield code="w">(DLC)sn 85032620</subfield></datafield></record>